<?xml version="1.0" encoding="UTF-8"?><record xmlns="http://www.loc.gov/MARC21/slim" xmlns:cinclude="http://apache.org/cocoon/include/1.0" xmlns:zs="http://www.loc.gov/zing/srw/">
  <leader>00471cz  a2200145n  4500</leader>
  <controlfield tag="001">n  85122558 </controlfield>
  <controlfield tag="003">DLC</controlfield>
  <controlfield tag="005">20141209075858.0</controlfield>
  <controlfield tag="008">851115n| azannaab           |a aaa      </controlfield>
  <datafield tag="010" ind1=" " ind2=" ">
    <subfield code="a">n  85122558 </subfield>
  </datafield>
  <datafield tag="040" ind1=" " ind2=" ">
    <subfield code="a">DLC</subfield>
    <subfield code="b">eng</subfield>
    <subfield code="e">rda</subfield>
    <subfield code="c">DLC</subfield>
    <subfield code="d">DLC</subfield>
  </datafield>
  <datafield tag="100" ind1="1" ind2=" ">
    <subfield code="a">Verkhovskiĭ, S. S.</subfield>
    <subfield code="q">(Semen Solomonovich)</subfield>
  </datafield>
  <datafield tag="378" ind1=" " ind2=" ">
    <subfield code="q">Semen Solomonovich</subfield>
  </datafield>
  <datafield tag="400" ind1="1" ind2="0">
    <subfield code="a">Verkhovskiĭ, Semen Solomonovich</subfield>
  </datafield>
  <datafield tag="670" ind1=" " ind2=" ">
    <subfield code="a">Arkhangelʹsk, 1984:</subfield>
    <subfield code="b">t.p. (S. S. Verkhovskiĭ) colophon (Semen Solomonovich Verkhovskiĭ)</subfield>
  </datafield>
</record>